<?xml version="1.0" encoding="UTF-8"?><collection xmlns="http://www.loc.gov/MARC21/slim"><record><leader>00392nam--2200157-i-4500</leader><controlfield tag="001">000048400</controlfield><controlfield tag="002">20161230</controlfield><controlfield tag="005">20170116232250</controlfield><controlfield tag="008">060222s1000------------r-----000-0-eng-d</controlfield><datafield ind1=" " ind2=" " tag="040"><subfield code="a">IFIN-HH</subfield></datafield><datafield ind1=" " ind2=" " tag="100"><subfield code="a">Abramov, A. A</subfield></datafield><datafield ind1=" " ind2=" " tag="245"><subfield code="a">Tablisy g// v kompleksnoi oblasti</subfield></datafield><datafield ind1=" " ind2=" " tag="260"><subfield code="a">Moskva</subfield><subfield code="b">Izd. Akad. Nauk SSSR</subfield><subfield code="c">1953</subfield></datafield><datafield ind1=" " ind2=" " tag="300"><subfield code="a">333 p</subfield></datafield><datafield ind1=" " ind2=" " tag="852"><subfield code="a">3464</subfield><subfield code="c">518.2</subfield></datafield><datafield ind1=" " ind2=" " tag="CAT"><subfield code="a">SYS</subfield><subfield code="c">20170116</subfield><subfield code="h">232250</subfield></datafield></record></collection>